@InCollection{fs-def,
  author    = {Richard~M. Stallman},
  title     = {Free Software Definition},
  booktitle = {Free Software, Free Society: Selected Essays of Richard M. Stallman},
  pages     = {43--45},
  publisher = {GNU Press},
  year      = {2002},
  editor    = {Joshua Gay}
}
